
@inproceedings{frankowski2006you,
  title={You are what you say: privacy risks of public mentions},
  author={Frankowski, Dan and Cosley, Dan and Sen, Shilad and Terveen, Loren and Riedl, John},
  booktitle={ACM. SIGIR},
  year={2006}
}

@inproceedings{ackerman1999privacy,
  title={Privacy in e-commerce: examining user scenarios and privacy preferences},
  author={Ackerman, Mark S and Cranor, Lorrie Faith and Reagle, Joseph},
  booktitle={ACM EC},
  year={1999}
}


@inproceedings{dave2003mining,
  title={Mining the peanut gallery: Opinion extraction and semantic classification of product reviews},
  author={Dave, Kushal and Lawrence, Steve and Pennock, David M},
  booktitle={ACM. WWW},
  year={2003}
}

@inproceedings{pang2002thumbs,
  title={Thumbs up: sentiment classification using machine learning techniques},
  author={Pang, Bo and Lee, Lillian and Vaithyanathan, Shivakumar},
  booktitle={ACL. EMNLP},
  year={2002}
}

@inproceedings{Lee:2010:USS:1835449.1835522,
 author = {Lee, Kyumin and Caverlee, James and Webb, Steve},
 title = {Uncovering Social Spammers: Social Honeypots + Machine Learning},
 booktitle = {ACM. SIGIR},
 year = {2010}
} 

@inproceedings{toutanova2003feature,
  title={Feature-rich part-of-speech tagging with a cyclic dependency network},
  author={Toutanova, Kristina and Klein, Dan and Manning, Christopher D and Singer, Yoram},
  booktitle={ACL. NAALC},
  year={2003}
}

@inproceedings{mikians2012detecting,
  title={Detecting price and search discrimination on the internet},
  author={Mikians, Jakub and Gyarmati, L{\'a}szl{\'o} and Erramilli, Vijay and Laoutaris, Nikolaos},
  booktitle={ACM HotNets},
  year={2012}
}

@inproceedings{veras2014semantic,
  title={On the semantic patterns of passwords and their security impact},
  author={Veras, Rafael and Collins, Christopher and Thorpe, Julie},
  booktitle={NDSS},
  year={2014}
}


@article{tsai2011effect,
  title={The effect of online privacy information on purchasing behavior: An experimental study},
  author={Tsai, Janice Y and Egelman, Serge and Cranor, Lorrie and Acquisti, Alessandro},
  journal={INFORMS Information Systems Research},
  year={2011}
}



@article{brown2004investigating,
  title={Investigating the relationship between Internet privacy concerns and online purchase behavior},
  author={Brown, Mark and Muchira, Rose},
  journal={American Academy of Advertising. Journal of Electronic Commerce Research},
  year={2004},
}



@inproceedings{goga2013exploiting,
  title={Exploiting innocuous activity for correlating users across sites},
  author={Goga, Oana and Lei, Howard and Parthasarathi, Sree Hari Krishnan and Friedland, Gerald and Sommer, Robin and Teixeira, Renata},
  booktitle={ACM. WWW},
  year={2013}
}



@inproceedings{hecht2011tweets,
  title={Tweets from Justin Bieber's heart: the dynamics of the location field in user profiles},
  author={Hecht, Brent and Hong, Lichan and Suh, Bongwon and Chi, Ed H},
  booktitle={ACM. SIGCHI Conference on Human Factors in Computing Systems},
  year={2011}
}



@inproceedings{chaabane2012you,
  title={You are what you like! information leakage through usersâ€™ interests},
  author={Chaabane, Abdelberi and Acs, Gergely and Kaafar, Mohamed Ali and others},
  booktitle={NDSS},
  year={2012},
}




@inproceedings{friedland2010cybercasing,
  title={Cybercasing the Joint: On the Privacy Implications of Geo-Tagging.},
  author={Friedland, Gerald and Sommer, Robin},
  booktitle={USENIX. HotSec},
  year={2010}
}



@article{traud2012social,
  title={Social structure of Facebook networks},
  author={Traud, Amanda L and Mucha, Peter J and Porter, Mason A},
  journal={Elsevier. Physica A: Statistical Mechanics and its Applications},
  year={2012},
}



@inproceedings{wondracek2010practical,
  title={A practical attack to de-anonymize social network users},
  author={Wondracek, Gilbert and Holz, Thorsten and Kirda, Engin and Kruegel, Christopher},
  booktitle={IEEE Security \& Privacy},
  year={2010},
}





@inproceedings{narayanan2009anonymizing,
  title={De-anonymizing social networks},
  author={Narayanan, Arvind and Shmatikov, Vitaly},
  booktitle={IEEE Security \& Privacy},
  year={2009}
}




@inproceedings{ivanova2013does,
  title={Does Amazon Scare Off Customers? The Effect of Negative Spotlight Reviews on Purchase Intention.},
  author={Ivanova, Olga and Scholz, Michael and Dorner, Verena},
  booktitle={Wirtschaftsinformatik},
  year={2013}
}



@article{ghose2011estimating,
  title={Estimating the helpfulness and economic impact of product reviews: Mining text and reviewer characteristics},
  author={Ghose, Anindya and Ipeirotis, Panagiotis G},
  journal={IEEE TKDE},
  year={2011}
}

@inproceedings{krishnamurthy2009leakage,
  title={On the leakage of personally identifiable information via online social networks},
  author={Krishnamurthy, Balachander and Wills, Craig E},
  booktitle={ACM COSN},
  year={2009},
}


@article{li1998generalizing,
  title={Generalizing case frames using a thesaurus and the MDL principle},
  author={Li, Hang and Abe, Naoki},
  journal={Computational linguistics},
  year={1998},
  publisher={MIT Press}
}
